@book{mas,
  author = {Yoav Shoham and Kevin Leyton-Brown},
  publisher = {Cambridge University Press},
  title = {Multiagent Systems: Algorithmic, Game-Theoretic, and Logical Foundations},
  year = {2008},
  url = {http://www.masfoundations.org/download.html}

}
@book{cgt,
  author = {Martin J. Osborne and Ariel Rubinstein},
  publisher = {The MIT Press},
  title = {A Course in Game Theory},
  year = {2012},
  url = {https://arielrubinstein.tau.ac.il/books.html}
}

@article{ns51,
   author={John Nash},
   title={Non-cooperative Games},
   journal={Annals of Mathematics},
   volume={54},
   year=1951,
   pages={286-295}
}

 @misc{ross_2019, title={Game theory}, url={https://plato.stanford.edu/entries/game-theory/}, journal={Stanford Encyclopedia of Philosophy}, publisher={Stanford University}, author={Ross, Don}, year={2019}, month={Mar}} 
 
 

 @misc{tamer_2010, title={Game theory}, url={https://hassan.kharazi.net/blog/}, journal={Lecture Notes on Non-Cooperative Game Theory}, publisher={Hamilton Institute and CTVR in Trinity College, Dublin, Ireland}, author={Ba≈üar, Tamer}, year={2010}, month={Jan}} 
 @misc{shor, title={Dictionary}, url={https://www.gametheory.net/dictionary/Non-CooperativeGame.html}, journal={Non-Cooperative Game - Game Theory .net}, author={Shor, Mike}} 
 
  @book{fudenberg_tirole_1991, place={Cambridge, MA}, title={Game theory}, publisher={MIT Press}, author={Fudenberg, Drew and Tirole, Jean}, year={1991}} 
 
  @book{kuhn_2003, place={Princeton, NJ}, title={Lectures on the theory of games}, publisher={Princeton University Press}, author={Kuhn, Harold W.}, year={2003}} 
 
  @book{kajii_morris_1995, place={PHILADELPHIA}, title={The robustness of equilibria to incomplete information}, publisher={UNIVERSITY OF PENNSYLVANIA}, author={Kajii, Atsushi and Morris, Stephen}, year={1995}} 
 
  @book{osborne_2017, place={New Delhi}, title={An introduction to game theory}, publisher={Oxford University Press}, author={Osborne, Martin J.}, year={2017}} 
 
@book{neumann_1947_theory,
  author = {Neumann, Von and Oskar Morgenstern},
  publisher = {Princeton University Press},
  title = {Theory of Games and Economic Behavior. (Second edition.).},
  year = {1947}
}
 
  @article{newton_2018, title={Evolutionary game theory: A Renaissance}, volume={9}, DOI={10.3390/g9020031}, number={2}, journal={Games}, author={Newton, Jonathan}, year={2018}, pages={31}} 
 
 
 
 